@article{ReviewOfAtuoScaling,
	author = {Lorido-Botrán, Tania and Miguel-Alonso, Jose and Antonio Lozano, Jose},
	year = {2014},
	month = {12},
	pages = {},
	title = {A Review of Auto-scaling Techniques for Elastic Applications in Cloud Environments},
	volume = {12},
	journal = {Journal of Grid Computing},
	doi = {10.1007/s10723-014-9314-7}
}

@inproceedings{OnTheValue,
	author = {Bauer, André and Grohmann, Johannes and Herbst, Nikolas and Kounev, Samuel},
	year = {2018},
	month = {02},
	pages = {},
	title = {On the Value of Service Demand Estimation for Auto-Scaling}
}

@article{ReadyForRain,
	author = {Herbst, Nikolas and Krebs, Rouven and Oikonomou, Giorgos and Kousiouris, George and Evangelinou, Athanasia and Iosup, Alexandru and Kounev, Samuel},
	year = {2016},
	month = {04},
	pages = {},
	title = {Ready for Rain? A View from SPEC Research on the Future of Cloud Metrics}
}
@INPROCEEDINGS{ASurveyOn, 
	author={M. {Jelassi} and C. {Ghazel} and L. A. {Saïdane}}, 
	booktitle={2017 3rd International Conference on Frontiers of Signal Processing (ICFSP)}, 
	title={A survey on quality of service in cloud computing}, 
	year={2017}, 
	volume={}, 
	number={}, 
	pages={63-67}, 
	keywords={cloud computing;quality of service;cloud computing services;quality-of-service;QoS;Cloud computing;Computational modeling;Processor scheduling;Admission control;Monitoring;Resource management;cloud computing;quality of service;SLA;scheduling;admission control;resource allocation;monitoring;queuing system}, 
	doi={10.1109/ICFSP.2017.8097142}, 
	ISSN={}, 
	month={Sep.},}

@article{PEAS,
	author = {Papadopoulos, Alessandro and Ali-Eldin, Ahmed and Årzén, Karl-Erik and Tordsson, Johan and Elmroth, Erik},
	year = {2016},
	month = {08},
	pages = {1-31},
	title = {PEAS: A Performance Evaluation Framework for Auto-Scaling Strategies in Cloud Applications},
	volume = {1},
	journal = {ACM Transactions on Modeling and Performance Evaluation of Computing Systems},
	doi = {10.1145/2930659}
}